
@manual{anleitungalt,
	author = {{Universität Freiburg}},
	title = {Analyse von Z0-Zerfällen},
	date = {1995},
}

@manual{anleitungneu,
	author = {{Universität Freiburg}},
	title = {Z0-Resonanz},
	date = {2012},
	subtitle = {Versuchsanleitung Fortgeschrittenen Praktikum Teil II},
}

@book{demtröder2013experimentalphysik,
	title={Experimentalphysik 4: Kern-, Teilchen- und Astrophysik},
	author={W. Demtr{\"o}der},
	isbn={9783642214769},
	series={Springer-Lehrbuch},
	url={https://books.google.de/books?id=TDkjBAAAQBAJ},
	year={2013},
	publisher={Springer Berlin Heidelberg}
}

@book{griffiths2008introduction,
	title={Introduction to Elementary Particles},
	author={D. Griffiths},
	isbn={9783527618477},
	series={Physics textbook},
	url={https://books.google.de/books?id=Wb9DYrjcoKAC},
	year={2008},
	publisher={Wiley}
}


@article{nakamura,
	author = {{K. Nakamura et al. (Particle Data Group)}},
	title = {Review of Particle Physics},
	journaltitle = {Journal of Physics G.},
	date = {2010},
	issue = {37},
	pages = {075021},
	url = {http://pdg.lbl.gov/2010/reviews/rpp2010-rev-phys-constants.pdf},
}
